<record><leader>00000cas a22000007a 4500</leader><controlfield tag="001">10129476</controlfield><controlfield tag="008">831115d18611923pauwr ne      0    0eng d</controlfield><datafield ind1=" " ind2=" " tag="010"><subfield code="a">sn 83032021 </subfield></datafield><datafield ind1=" " ind2=" " tag="040"><subfield code="a">NPU</subfield><subfield code="b">eng</subfield><subfield code="c">NPU</subfield><subfield code="d">NPY</subfield><subfield code="d">NPA</subfield><subfield code="d">NPX</subfield><subfield code="d">NPH</subfield><subfield code="d">TGN</subfield><subfield code="d">OCLCQ</subfield><subfield code="d">OCLCF</subfield><subfield code="d">OCLCO</subfield></datafield><datafield ind1="1" ind2=" " tag="029"><subfield code="a">AU@</subfield><subfield code="b">000025834041</subfield></datafield><datafield ind1=" " ind2=" " tag="042"><subfield code="a">msc</subfield></datafield><datafield ind1=" " ind2=" " tag="043"><subfield code="a">n-us-pa</subfield></datafield><datafield ind1="0" ind2=" " tag="130"><subfield code="a">Doylestown Democrat (Doylestown, Pa. : 1861)</subfield></datafield><datafield ind1="1" ind2="4" tag="245"><subfield code="a">The Doylestown Democrat.</subfield></datafield><datafield ind1=" " ind2=" " tag="260"><subfield code="a">Doylestown, Pa. :</subfield><subfield code="b">W.W.H. Davis,</subfield><subfield code="c">1861-</subfield></datafield><datafield ind1=" " ind2=" " tag="300"><subfield code="a">v. :</subfield><subfield code="b">ill. (chiefly advertisements) ;</subfield><subfield code="c">69-76 cm.</subfield></datafield><datafield ind1=" " ind2=" " tag="310"><subfield code="a">Weekly</subfield></datafield><datafield ind1="0" ind2=" " tag="362"><subfield code="a">Vol. 16, no. 44 (Jan. 1, 1861)- = whole no. 818-</subfield></datafield><datafield ind1="1" ind2=" " tag="362"><subfield code="a">Ceased in 1923?</subfield><subfield code="z">Cf. Rossell, G.E. Pa. newspapers.</subfield></datafield><datafield ind1=" " ind2=" " tag="500"><subfield code="a">Published a daily ed. (title unknown).</subfield></datafield><datafield ind1=" " ind2=" " tag="500"><subfield code="a">Publishers: W.W.H. Davis, &lt;1861&gt;; J.D. Mendenhall, &lt;1864&gt;; W.W.H. Davis, &lt;1876&gt;.</subfield></datafield><datafield ind1=" " ind2=" " tag="500"><subfield code="a">Editors: John D. Mendenhall, &lt;1864&gt;; W.W.H. Davis, &lt;1876&gt;.</subfield></datafield><datafield ind1=" " ind2="0" tag="651"><subfield code="a">Doylestown (Pa.)</subfield><subfield code="v">Newspapers.</subfield></datafield><datafield ind1=" " ind2="0" tag="651"><subfield code="a">Bucks County (Pa.)</subfield><subfield code="v">Newspapers.</subfield></datafield><datafield ind1=" " ind2="7" tag="655"><subfield code="a">Newspapers.</subfield><subfield code="2">fast</subfield><subfield code="0">(OCoLC)fst01423814</subfield></datafield><datafield ind1=" " ind2="7" tag="651"><subfield code="a">Pennsylvania</subfield><subfield code="z">Bucks County.</subfield><subfield code="2">fast</subfield><subfield code="0">(OCoLC)fst01210486</subfield></datafield><datafield ind1=" " ind2="7" tag="651"><subfield code="a">Pennsylvania</subfield><subfield code="z">Doylestown.</subfield><subfield code="2">fast</subfield><subfield code="0">(OCoLC)fst01213797</subfield></datafield><datafield ind1=" " ind2=" " tag="752"><subfield code="a">United States</subfield><subfield code="b">Pennsylvania</subfield><subfield code="c">Bucks</subfield><subfield code="d">Doylestown.</subfield></datafield><datafield ind1="0" ind2="0" tag="780"><subfield code="t">Doylestown Democrat and Bucks County Republican</subfield><subfield code="w">(DLC)sn 83032019</subfield></datafield></record>